<record><leader>00000cas a22000007a 4500</leader><controlfield tag="001">23960057</controlfield><controlfield tag="008">910620d19751979mnumr ne      0    0eng d</controlfield><datafield ind1=" " ind2=" " tag="010"><subfield code="a">sn 90059379 </subfield></datafield><datafield ind1=" " ind2=" " tag="040"><subfield code="a">MN#</subfield><subfield code="b">eng</subfield><subfield code="c">MN#</subfield><subfield code="d">OCLCQ</subfield></datafield><datafield ind1=" " ind2=" " tag="042"><subfield code="a">msc</subfield></datafield><datafield ind1=" " ind2=" " tag="043"><subfield code="a">n-us-mn</subfield></datafield><datafield ind1=" " ind2=" " tag="052"><subfield code="a">4144</subfield><subfield code="b">S4:2M5</subfield></datafield><datafield ind1="0" ind2=" " tag="130"><subfield code="a">Midway monitor (Saint Paul, Minn. : 1975)</subfield></datafield><datafield ind1="1" ind2="0" tag="245"><subfield code="a">Midway monitor.</subfield></datafield><datafield ind1="3" ind2="0" tag="246"><subfield code="a">Midway?</subfield></datafield><datafield ind1=" " ind2=" " tag="260"><subfield code="a">St. Paul, MN :</subfield><subfield code="b">DeRuyter Press,</subfield><subfield code="c">1975-</subfield></datafield><datafield ind1=" " ind2=" " tag="300"><subfield code="a">v.</subfield></datafield><datafield ind1=" " ind2=" " tag="310"><subfield code="a">Monthly</subfield></datafield><datafield ind1="0" ind2=" " tag="362"><subfield code="a">Vol. 1, no. 1 (June 1975)-</subfield></datafield><datafield ind1="1" ind2=" " tag="362"><subfield code="a">Ceased in 1979.</subfield></datafield><datafield ind1=" " ind2=" " tag="500"><subfield code="a">Vol. 1, no. 1 published as: The Midway?</subfield></datafield><datafield ind1=" " ind2=" " tag="530"><subfield code="a">Available on microfilm from the Minnesota Historical Society.</subfield></datafield><datafield ind1=" " ind2="0" tag="651"><subfield code="a">Midway District (Saint Paul, Minn.)</subfield><subfield code="v">Periodicals.</subfield></datafield><datafield ind1="0" ind2="0" tag="785"><subfield code="t">Midway and Como neighborhood monitor</subfield><subfield code="w">(DLC)sn 90059380</subfield></datafield><datafield ind1="1" ind2=" " tag="029"><subfield code="a">AU@</subfield><subfield code="b">000025882602</subfield></datafield></record>